@article{JIA-VEM-2007,
    author  = "Jian, B. and Vemuri, B.",
    title   = "A unified computational framework for deconvolution to reconstruct multiple fibers from diffusion weighted {MRI}",
    year    = "2007",
    journal = "IEEE Transactions on Medical Imaging",
    volume  = "26",
    number  = "11",
    pages   = "1464--1471"
}

@article{K-K-L-P-2010,
    title = "Inversion of noisy Radon transform by SVD based needlets",
    journal = "Applied and Computational Harmonic Analysis",
    volume = "28",
    number = "1",
    pages = "24 - 45",
    year = "2010",
    author = "Gérard Kerkyacharian and George Kyriazis and Erwan Le Pennec and Pencho Petrushev and Dominique Picard"
}

@article{KE-NG-PI-2009,
    title = "Localized deconvolution on the sphere",
    journal = "	arXiv:0908.1952v1 [math.ST]",
    year = "2009",
    author = "Gérard Kerkyacharian and Thanh Mai Pham Ngoc and Dominique Picard"
}

@article{AHR-BEY-2009,
    author  = "Ahrens, C. and Beylkin, G.",
    title   = "Rotationally invariant quadratures for the sphere",
    year    = "2009",
    journal = "Proceedings of the Royal Society A",
    volume  = "465",
    pages   = "3103--3125"
}
