@Article{SOBOLEV-1962,
  Author         = {Sobolev, S. L.},
  Title          = {Cubature formulas on the sphere invariant under finite
                   groups of rotations},
  Journal        = {Doklady Akademii Nauk SSSR},
  Volume         = {146},
  Pages          = {310--313},
  year           = 1962
}
@Article{AHR-BEY-2009,
  author    = 	 {Ahrens, C. and Beylkin, G.},
  title     = 	 {Rotationally invariant quadratures for the sphere},
  journal   = 	 {Proceedings of the Royal Society A},
  Volume    =    {465},
  Pages     =    {3103--3125},
  year      = 	 {2009}
}




